@article{mcculloch1943logical,
  title={A logical calculus of the ideas immanent in nervous activity},
  author={McCulloch, Warren S and Pitts, Walter},
  journal={The bulletin of mathematical biophysics},
  volume={5},
  number={4},
  pages={115--133},
  year={1943},
  publisher={Springer}
}

@book{haykin1994neural,
  title={Neural networks: a comprehensive foundation},
  author={Haykin, Simon},
  year={1994},
  publisher={Prentice Hall PTR}
}


@book{braga2007,
  title={Redes neurais artificiais: teoria e aplica{\c{c}}{\~o}es},
  author={de P{\'a}dua Braga, Ant{\^o}nio and de Leon Ferreira, Andr{\'e} Carlos Ponce and Ludermir, Teresa Bernarda},
  year={2007},
  publisher={LTC Editora Rio de Janeiro, Brazil}
}

@book{kovacs2002redes,
  title={Redes neurais artificiais},
  author={Kov{\'a}cs, Zsolt L{\'a}szl{\'o}},
  year={2002},
  publisher={Editora Livraria da Fisica}
}

